@book{Goodfellow2016,
  title={Deep Learning},
  author={Goodfellow, Ian and Bengio, Yoshua and Courville, Aaron},
  year={2016},
  publisher={MIT Press}
}

@article{Nair2010,
  title={Rectified Linear Units Improve Restricted Boltzmann Machines},
  author={Nair, Vinod and Hinton, Geoffrey E},
  journal={Proceedings of the 27th International Conference on Machine Learning},
  year={2010}
}

@article{LeCun2015,
  title={Deep Learning},
  author={LeCun, Yann and Bengio, Yoshua and Hinton, Geoffrey},
  journal={Nature},
  volume={521},
  number={7553},
  pages={436--444},
  year={2015},
  publisher={Nature Publishing Group}
}
